@book{huson2010phylogenetic,
  title={Phylogenetic networks: concepts, algorithms and applications},
  author={Huson, Daniel H and Rupp, Regula and Scornavacca, Celine},
  year={2010},
  publisher={Cambridge University Press}
}

@article{morrison2011introduction,
  title={Introduction to phylogenetic networks},
  author={Morrison, David A},
  journal={RJR Productions},
  year={2011}
}

@incollection{nakhleh2011evolutionary,
  title={Evolutionary phylogenetic networks: models and issues},
  author={Nakhleh, Luay},
  booktitle={Problem solving handbook in computational biology and bioinformatics},
  pages={125--158},
  year={2011},
  publisher={Springer}
}

@book{semple2006hybridization,
  title={Hybridization networks},
  author={Semple, Charles},
  year={2006},
  publisher={Department of Mathematics and Statistics, University of Canterbury}
}

@article{wu2013algorithm,
  title={An algorithm for constructing parsimonious hybridization networks with multiple phylogenetic trees},
  author={Wu, Yufeng},
  journal={Journal of Computational Biology},
  volume={20},
  number={10},
  pages={792--804},
  year={2013},
  publisher={Mary Ann Liebert, Inc. 140 Huguenot Street, 3rd Floor New Rochelle, NY 10801 USA}
}

@incollection{park2012murpar,
  title={{MURPAR}: a fast heuristic for inferring parsimonious phylogenetic networks from multiple gene trees},
  author={Park, Hyun Jung and Nakhleh, Luay},
  booktitle={Bioinformatics Research and Applications},
  pages={213--224},
  year={2012},
  publisher={Springer}
}

@incollection{bonet2009efficiently,
  title={Efficiently calculating evolutionary tree measures using {SAT}},
  author={Bonet, Maria Luisa and John, Katherine St},
  booktitle={Theory and Applications of Satisfiability Testing-SAT 2009},
  pages={4--17},
  year={2009},
  publisher={Springer}
}

@incollection{heule2010exact,
  title={{Exact DFA identification using SAT solvers}},
  author={Heule, Marijn JH and Verwer, Sicco},
  booktitle={Grammatical Inference: Theoretical Results and Applications},
  pages={66--79},
  year={2010},
  publisher={Springer}
}

@article{wu2010close,
  title={Close lower and upper bounds for the minimum reticulate network of multiple phylogenetic trees},
  author={Wu, Yufeng},
  journal={Bioinformatics},
  volume={26},
  number={12},
  pages={i140--i148},
  year={2010},
  publisher={Oxford Univ Press}
}

@article{bordewich2007computing,
  title={Computing the minimum number of hybridization events for a consistent evolutionary history},
  author={Bordewich, Magnus and Semple, Charles},
  journal={Discrete Applied Mathematics},
  volume={155},
  number={8},
  pages={914--928},
  year={2007},
  publisher={Elsevier}
}

@article{chen2010hybridnet,
  title={Hybridnet: a tool for constructing hybridization networks},
  author={Chen, Zhi-Zhong and Wang, Lusheng},
  journal={Bioinformatics},
  volume={26},
  number={22},
  pages={2912--2913},
  year={2010},
  publisher={Oxford Univ Press}
}

@article{biere2003bounded,
  title={Bounded model checking},
  author={Biere, Armin and Cimatti, Alessandro and Clarke, Edmund M and Strichman, Ofer and Zhu, Yunshan},
  journal={Advances in computers},
  volume={58},
  pages={117--148},
  year={2003},
  publisher={Elsevier}
}

@incollection{nakhleh2005riata,
  title={{RIATA-HGT}: a fast and accurate heuristic for reconstructing horizontal gene transfer},
  author={Nakhleh, Luay and Ruths, Derek and Wang, Li-San},
  booktitle={Computing and Combinatorics},
  pages={84--93},
  year={2005},
  publisher={Springer}
}

@techreport{nguyenefficient,
  title={An Efficient Encoding of the At-Most-One Constraint},
  author={H{\"o}lldobler, S and Nguyen, VH},
  year={2013},
  institution={Technical report, KRR Group 2013-04, Technische Universit{\"a}t Dresden, 01062 Dresden, Germany}
}

@article{grass2001phylogeny,
  title={Phylogeny and subfamilial classification of the grasses (Poaceae)},
  author={Grass Phylogeny Working Group and Barker, Nigel P and Clark, Lynn G and Davis, Jerrold I and Duvall, Melvin R and Guala, Gerald F and Hsiao, Catherine and Kellogg, Elizabeth A and Linder, H Peter and Mason-Gamer, Roberta J and others},
  journal={Annals of the Missouri Botanical Garden},
  pages={373--457},
  year={2001},
  publisher={JSTOR}
}

@misc{wiki:phylogenetics,
  author = {{Филогенетика}},
  title = {{W}ikipedia{,} The Free Encyclopedia},
  url = {https://ru.wikipedia.org/wiki/Филогенетика}
}

@misc{wiki:phylogenetic-tree,
  author = {{Филогенетическое дерево}},
  title = {{W}ikipedia{,} The Free Encyclopedia},
  url = {https://ru.wikipedia.org/wiki/Филогенетическое\_дерево}
}

@misc{wiki:sat,
  author = {{Задача выполнимости булевых формул}},
  title = {{W}ikipedia{,} The Free Encyclopedia},
  url = {https://ru.wikipedia.org/wiki/Задача\_выполнимости\_булевых\_формул}
}